<?xml version="1.0" encoding="UTF-8"?><record xmlns="http://www.loc.gov/MARC21/slim" xmlns:cinclude="http://apache.org/cocoon/include/1.0" xmlns:zs="http://www.loc.gov/zing/srw/">
  <leader>01316cz  a2200241n  4500</leader>
  <controlfield tag="001">no2008014159</controlfield>
  <controlfield tag="003">DLC</controlfield>
  <controlfield tag="005">20080219161709.0</controlfield>
  <controlfield tag="008">080117n| acaaaaaan          |a ana     c</controlfield>
  <datafield tag="010" ind1=" " ind2=" ">
    <subfield code="a">no2008014159</subfield>
  </datafield>
  <datafield tag="035" ind1=" " ind2=" ">
    <subfield code="a">(OCoLC)oca07642398</subfield>
  </datafield>
  <datafield tag="040" ind1=" " ind2=" ">
    <subfield code="a">ICIU</subfield>
    <subfield code="b">eng</subfield>
    <subfield code="c">ICIU</subfield>
    <subfield code="d">IEN</subfield>
  </datafield>
  <datafield tag="130" ind1=" " ind2="0">
    <subfield code="a">Local planning aid (Northeastern Illinois Metropolitan Area Planning Commission)</subfield>
  </datafield>
  <datafield tag="430" ind1=" " ind2="0">
    <subfield code="a">Local planning aids (Northeastern Illinois Metropolitan Area Planning Commission)</subfield>
  </datafield>
  <datafield tag="410" ind1="2" ind2=" ">
    <subfield code="a">Northeastern Illinois Metropolitan Area Planning Commission.</subfield>
    <subfield code="t">Local planning aid</subfield>
  </datafield>
  <datafield tag="530" ind1=" " ind2="0">
    <subfield code="w">b</subfield>
    <subfield code="a">Local planning aids (Northeastern Illinois Planning Commission)</subfield>
  </datafield>
  <datafield tag="642" ind1=" " ind2=" ">
    <subfield code="a">no. 1</subfield>
    <subfield code="5">DPCC</subfield>
    <subfield code="5">ICIU</subfield>
  </datafield>
  <datafield tag="643" ind1=" " ind2=" ">
    <subfield code="a">Chicago, Ill.</subfield>
    <subfield code="b">Northeastern Illinois Metropolitan Area Planning Commission</subfield>
  </datafield>
  <datafield tag="644" ind1=" " ind2=" ">
    <subfield code="a">f</subfield>
    <subfield code="5">ICIU</subfield>
  </datafield>
  <datafield tag="645" ind1=" " ind2=" ">
    <subfield code="a">t</subfield>
    <subfield code="5">DPCC</subfield>
    <subfield code="5">ICIU</subfield>
  </datafield>
  <datafield tag="646" ind1=" " ind2=" ">
    <subfield code="a">s</subfield>
    <subfield code="5">ICIU</subfield>
  </datafield>
  <datafield tag="670" ind1=" " ind2=" ">
    <subfield code="a">Suggested content for an ordinance establishing a municipal plan commission, 1964:</subfield>
    <subfield code="b">t.p. (Local planning aid) p. 12 (lists of titles in series preceded by: Local planning aids)</subfield>
  </datafield>
  <datafield tag="675" ind1=" " ind2=" ">
    <subfield code="a">Manual for intercommunity councils, 1964: leaf 45 ([list of titles published in]: Northeastern Illinois Planning Commission Local planning aids [Local planning aids underlined]; list includes as no. 1: Suggested content for an ordinance establishing a municipal plan commission)</subfield>
  </datafield>
</record>